@inproceedings{tsagkias2009predicting,
  title={Predicting the volume of comments on online news stories},
  author={Manos Tsagkias, Wouter Weerkamp and Maarten De Rijke},
  booktitle={Proceedings of the 18th ACM conference on Information and knowledge management},
  pages={1765--1768},
  year={2009},
  organization={ACM}
}

@inproceedings{ambroselli2018prediction,
  title={Prediction for the Newsroom: Which Articles Will Get the Most Comments?},
  author={Carl Ambroselli, Julian Risch, Ralf Krestel and Andreas Loos},
  booktitle={Proceedings of the 2018 Conference of the North American Chapter of the Association for Computational Linguistics: Human Language Technologies, Volume 3 (Industry Papers)},
  volume={3},
  pages={193--199},
  year={2018}
}

@article{conneau2016very,
  title={Very deep convolutional networks for text classification},
  author={Alexis Conneau, Holger Schwenk, Lo{\"\i}c Barrault and Yann Lecun},
  journal={arXiv preprint arXiv:1606.01781},
  year={2016}
}

@article{kim2014convolutional,
  title={Convolutional neural networks for sentence classification},
  author={Yoon Kim},
  journal={arXiv preprint arXiv:1408.5882},
  year={2014}
}

@inproceedings{le2014distributed,
  title={Distributed representations of sentences and documents},
  author={Quoc Le and Tomas Mikolov},
  booktitle={International Conference on Machine Learning},
  pages={1188--1196},
  year={2014}
}

@inproceedings{pennington2014glove,
  title={Glove: Global vectors for word representation},
  author={Pennington, Jeffrey and Socher, Richard and Manning, Christopher},
  booktitle={Proceedings of the 2014 conference on empirical methods in natural language processing (EMNLP)},
  pages={1532--1543},
  year={2014}
}

@inproceedings{le2014doc2vec,
	author = {Le, Quoc and Mikolov, Tomas},
	title = {Distributed Representations of Sentences and Documents},
	booktitle = {Proceedings of the 31st International Conference on International Conference on Machine Learning - Volume 32},
	series = {ICML'14},
	year = {2014},
	location = {Beijing, China},
	pages = {II-1188--II-1196},
	url = {http://dl.acm.org/citation.cfm?id=3044805.3045025},
	acmid = {3045025},
	publisher = {JMLR.org},
} 

@article{conneau2016very,
  title={Very deep convolutional networks for text classification},
  author={Conneau, Alexis and Schwenk, Holger and Barrault, Lo{\"\i}c and Lecun, Yann},
  journal={arXiv preprint arXiv:1606.01781},
  year={2016}
}